<record><leader>00000cas a2200000 a 4500</leader><controlfield tag="001">767738411</controlfield><controlfield tag="006">m     o  d        </controlfield><controlfield tag="007">cr |||||||||||</controlfield><controlfield tag="008">111207d19321973vauwr neo     0    0eng c</controlfield><datafield ind1=" " ind2=" " tag="010"><subfield code="a">  2011263313</subfield></datafield><datafield ind1=" " ind2=" " tag="040"><subfield code="a">TXA</subfield><subfield code="b">eng</subfield><subfield code="c">TXA</subfield><subfield code="d">TXA</subfield><subfield code="d">OCLCQ</subfield><subfield code="d">OCLCF</subfield><subfield code="d">OCLCO</subfield></datafield><datafield ind1=" " ind2=" " tag="042"><subfield code="a">pcc</subfield></datafield><datafield ind1=" " ind2=" " tag="043"><subfield code="a">n-us-va</subfield></datafield><datafield ind1=" " ind2=" " tag="090"><subfield code="a">F234.N8</subfield><subfield code="b">J65</subfield></datafield><datafield ind1="0" ind2=" " tag="130"><subfield code="a">Journal and guide (Norfolk, Va. : National ed.)</subfield></datafield><datafield ind1="1" ind2="0" tag="245"><subfield code="a">Journal and guide</subfield><subfield code="h">[electronic resource].</subfield></datafield><datafield ind1=" " ind2=" " tag="250"><subfield code="a">National ed.</subfield></datafield><datafield ind1=" " ind2=" " tag="260"><subfield code="a">Norfolk, Va. :</subfield><subfield code="b">Guide Publishing Company,</subfield><subfield code="c">1932-1973.</subfield></datafield><datafield ind1=" " ind2=" " tag="310"><subfield code="a">Weekly</subfield></datafield><datafield ind1="1" ind2=" " tag="362"><subfield code="a">Began with: Vol. 32, no. 1 (Jan. 2, 1932); ceased with: Vol. 73, no. 4 (Jan. 27, 1973).</subfield></datafield><datafield ind1=" " ind2=" " tag="580"><subfield code="a">Virginia eds.: Journal and guide (Norfolk, Va. : Virginia ed. : 1934), &lt;1934&gt;, and: Journal and guide (Norfolk, Va. : Richmond ed.), &lt;1936-1938&gt;, and: Journal and guide (Norfolk, Va. : 1950), &lt;1950&gt;-1952, and: Journal and guide (Norfolk, Va. : Virginia-Carolina ed.), 1952-1956, and: Journal and guide (Norfolk, Va. : Virginia ed. : 1956), 1956-1958.</subfield></datafield><datafield ind1=" " ind2=" " tag="580"><subfield code="a">Peninsula eds.: Journal and guide (Norfolk, Va. : Peninsula ed. : 1937), &lt;1937&gt;-1940, and: Journal and guide and Newport news star, 1940-1943, and: Journal and guide (Norfolk, Va. : Peninsula ed. : 1943), 1943-1973.</subfield></datafield><datafield ind1=" " ind2=" " tag="580"><subfield code="a">Portsmouth eds.: Journal and guide (Norfolk, Va. : Norfolk Portsmouth ed.), &lt;1943-1944&gt;, and: Journal and guide (Norfolk, Va. : Portsmouth ed.), 1949-1973.</subfield></datafield><datafield ind1=" " ind2=" " tag="580"><subfield code="a">Carolina eds.: Journal and guide (Norfolk, Va. : North Carolina ed.), &lt;1946&gt;-1950, and: Journal and guide (Norfolk, Va. : Carolina ed.), 1950-1958.</subfield></datafield><datafield ind1=" " ind2=" " tag="588"><subfield code="a">Description based on: Vol. 32, no. 1 (Jan. 2, 1932); title from PDF banner (ProQuest, viewed Dec. 6, 2011).</subfield></datafield><datafield ind1=" " ind2=" " tag="588"><subfield code="a">Latest issue consulted: Vol. 73, no. 4 (Jan. 27, 1973) (ProQuest, viewed Dec. 6, 2011).</subfield></datafield><datafield ind1=" " ind2="0" tag="650"><subfield code="a">African Americans</subfield><subfield code="z">Virginia</subfield><subfield code="v">Newspapers.</subfield></datafield><datafield ind1=" " ind2="0" tag="651"><subfield code="a">Norfolk (Va.)</subfield><subfield code="v">Newspapers.</subfield></datafield><datafield ind1=" " ind2="0" tag="650"><subfield code="a">African American newspapers</subfield><subfield code="z">Virginia.</subfield></datafield><datafield ind1=" " ind2="7" tag="655"><subfield code="a">Newspapers.</subfield><subfield code="2">fast</subfield><subfield code="0">(OCoLC)fst01423814</subfield></datafield><datafield ind1=" " ind2="7" tag="650"><subfield code="a">African American newspapers.</subfield><subfield code="2">fast</subfield><subfield code="0">(OCoLC)fst00799278</subfield></datafield><datafield ind1=" " ind2="7" tag="650"><subfield code="a">African Americans.</subfield><subfield code="2">fast</subfield><subfield code="0">(OCoLC)fst00799558</subfield></datafield><datafield ind1=" " ind2="7" tag="651"><subfield code="a">Virginia.</subfield><subfield code="2">fast</subfield><subfield code="0">(OCoLC)fst01204597</subfield></datafield><datafield ind1=" " ind2="7" tag="651"><subfield code="a">Virginia</subfield><subfield code="z">Norfolk.</subfield><subfield code="2">fast</subfield><subfield code="0">(OCoLC)fst01206844</subfield></datafield><datafield ind1=" " ind2=" " tag="752"><subfield code="a">United States</subfield><subfield code="b">Virginia</subfield><subfield code="d">Norfolk.</subfield></datafield><datafield ind1="1" ind2=" " tag="775"><subfield code="t">Journal and guide (Norfolk, Va. : Virginia-Carolina ed.)</subfield></datafield><datafield ind1="1" ind2=" " tag="775"><subfield code="t">Journal and guide (Norfolk, Va. : Virginia ed. : 1956)</subfield></datafield><datafield ind1="1" ind2=" " tag="775"><subfield code="t">Journal and guide (Norfolk, Va. : Peninsula ed. : 1937)</subfield></datafield><datafield ind1="1" ind2=" " tag="775"><subfield code="t">Journal and guide and Newport News star</subfield></datafield><datafield ind1="1" ind2=" " tag="775"><subfield code="t">Journal and guide (Norfolk, Va. : Peninsula ed. : 1943)</subfield></datafield><datafield ind1="1" ind2=" " tag="775"><subfield code="t">Journal and guide (Norfolk, Va. : Norfolk Portsmouth ed.)</subfield></datafield><datafield ind1="1" ind2=" " tag="775"><subfield code="t">Journal and guide (Norfolk, Va. : Portsmouth ed.)</subfield></datafield><datafield ind1="1" ind2=" " tag="775"><subfield code="t">Journal and guide (Norfolk, Va. : North Carolina ed.)</subfield></datafield><datafield ind1="1" ind2=" " tag="775"><subfield code="t">Journal and guide (Norfolk, Va. : Carolina ed.)</subfield></datafield><datafield ind1="0" ind2=" " tag="775"><subfield code="t">Journal and guide (Norfolk, Va. : Home ed.)</subfield></datafield><datafield ind1="1" ind2=" " tag="775"><subfield code="t">Journal and guide (Norfolk, Va. : Virginia ed. : 1934)</subfield></datafield><datafield ind1="1" ind2=" " tag="775"><subfield code="t">Journal and guide (Norfolk, Va. : Richmond ed.)</subfield></datafield><datafield ind1="1" ind2=" " tag="775"><subfield code="t">Journal and guide (Norfolk, Va. : Virginia ed. : 1950)</subfield></datafield><datafield ind1="0" ind2="8" tag="776"><subfield code="i">Print version:</subfield><subfield code="t">Journal and guide (Norfolk, Va. : National ed.)</subfield><subfield code="w">(DLC)sn 89065015</subfield><subfield code="w">(OCoLC)18719907</subfield></datafield><datafield ind1="0" ind2="0" tag="780"><subfield code="t">Norfolk journal and guide (Norfolk, Va. : Interstate ed.)</subfield></datafield><datafield ind1="0" ind2="7" tag="785"><subfield code="t">Journal and guide (Norfolk, Va. : Peninsula ed. : 1943)</subfield></datafield><datafield ind1="0" ind2="7" tag="785"><subfield code="t">Journal and guide (Norfolk, Va. : National and Peninsula ed.)</subfield><subfield code="w">(DLC)  2011263316</subfield><subfield code="w">(OCoLC)767739822</subfield></datafield><datafield ind1="4" ind2="0" tag="856"><subfield code="u">http://search.proquest.com/hnpnorfolkjournalguide</subfield></datafield></record>